@article{shannon2001mathematical,
  title={{A Mathematical Theory of Communication}},
  author={Shannon, Claude Elwood},
  journal={The Bell System Technical Journal},
  volume={27},
  number={1},
  pages={379--423,623--656},
  year={1948}
}

@incollection{gershenson2003can,
  title={{When Can We Call a System Self-Organizing?}},
  author={Gershenson, Carlos and Heylighen, Francis},
  booktitle={Advances in Artificial Life},
  pages={606--614},
  year={2003},
  publisher={Springer}
}

@book{Rossi2006,
 author = {Rossi, Francesca and Beek, Peter van and Walsh, Toby},
 title = {Handbook of Constraint Programming (Foundations of Artificial Intelligence)},
 year = {2006},
 isbn = {0444527265},
 publisher = {Elsevier Science Inc.},
 address = {New York, NY, USA}
} 

@book{tsang1993foundations,
  title={Foundations of constraint satisfaction},
  author={Tsang, Edward},
  volume={289},
  year={1993},
  publisher={Academic press London}
}

@book{russell2010artificial,
  title={Artificial Intelligence: A Modern Approach},
  author={Russell, S.J. and Norvig, P.},
  isbn={9780136042594},
  lccn={2011288031},
  series={Prentice Hall series in artificial intelligence},
  year={2010},
  publisher={Prentice Hall}
}


@INPROCEEDINGS{Schiendorfer13,
  author = {Alexander Schiendorfer and
            Jan-Philipp Steghöfer and
            Alexander Knapp and
            Florian Nafz and
            Wolfgang Reif},
  title = {{Constraint Relationships for Soft Constraints}},
  editor = {Max Bramer and
            Miltos Petridis},
  booktitle = {Proc. 33\textsuperscript{rd} SGAI Int. Conf.
               Innovative Techniques and Applications of Artificial Intelligence (AI'13)},
  publisher = {Springer},
  year = {2013},
  pages = {241-255},
  nolanguage = {English}
}

@article{Bistarelli1999,
year={1999},
issn={1383-7133},
journal={Constraints},
volume={4},
number={3},
title={{Semiring-Based CSPs and Valued CSPs: Frameworks, Properties, and Comparison}},
publisher={Kluwer Academic Publishers},
keywords={overconstrained problems; constraint satisfaction; optimization; soft constraint; dynamic programming; branch and bound; complexity},
author={Bistarelli, S. and Montanari, U. and Rossi, F. and Schiex, T. and Verfaillie, G. and Fargier, H.},
pages={199-240},
language={English}
}


@INPROCEEDINGS{Gadducci2013,
year={2013},
booktitle={Proc.\ 12\textsuperscript{th} Mexican Int. Conf. Artificial Intelligence (MICAI'2013)},
series={Lect. Notes Comp. Sci. 8265},
editor={Castro, Félix and Gelbukh, Alexander and González, Miguel},
title={Soft Constraints for Lexicographic Orders},
publisher={Springer},
author={Gadducci, Fabio and Hölzl, Mattias and Monreale, GiacomaV. and Wirsing, Martin},
pages={68-79},
language={English}
}



